% Encoding: UTF-8

@Article{Scrumology2012,
  author       = {Scrumology},
  title        = {Scrum and Fixed Price Contracts},
  journal      = {Scrumology},
  journaltitle = {Scrum and Fixed Price Contracts},
  year         = {2012},
  date         = {2012-01-02},
}

@Comment{jabref-meta: databaseType:biblatex;}
